2824 4658
284 395 389 485 Ord.
404 398 444 483 Ι.
458 397 650 484 SectII.
664 398 963 486 Heteromera.
1027 401 1101 486 141

135 602 191 664 ΙΙ.
220 605 321 684 Caput
344 607 470 684 penitas
500 616 647 664 exsertum
659 647 669 682 ,
701 607 939 678 subcordntum,
969 609 1107 689 margine

170 709 287 787 postico
307 707 433 782 latiore,
454 706 626 765 rotundato.
648 706 827 788 (Antennoe
845 710 1014 786 scepissime
1040 730 1106 768 ser-

176 825 253 871 rntae
272 824 329 870 ant
341 810 539 892 pectinatoe.)

178 991 266 1053 Tarsi
288 1013 395 1052 omnes
419 989 552 1054 articulo
569 991 685 1074 penul-

138 1072 217 1134 timo
237 1071 342 1133 bifido.
357 1074 477 1153 Corpus
494 1072 685 1154 oblongum,

138 1152 326 1232 depressum.
356 1153 482 1216 Thorax
501 1152 685 1236 plerumque
754 1197 930 1252 FAMILIA
957 1195 1079 1249 xxffle
1128 1169 1132 1176 ’

136 1230 329 1292 orbiculatus
361 1232 411 1292 vel
448 1233 684 1375 subspuadratus.
1081 1233 1089 1249 ’

136 1310 247 1394 Elytra
271 1312 388 1392 postice
416 1327 508 1374 rotun
534 1328 595 1387 ata,
620 1337 684 1375 non

136 1393 325 1474 angustiora.
363 1392 528 1456 Abdomen
570 1396 685 1476 poetice
818 1387 1021 1457 Py⁷⁰⁰h⁷⁰²m

136 1472 300 1546 obtusum,
312 1472 397 1533 haud
410 1475 686 1555 caudato-produc-

137 1563 216 1614 tum.
228 1553 347 1636 Corpus
365 1576 431 1616 non
450 1553 653 1617 saltatorium.

778 1296 1064 1378 Pnnoennotnns.

177 1727 265 1790 Tarsi
293 1751 402 1791 omnes
426 1744 478 1791 aut
503 1731 616 1812 postici
638 1752 689 1791 ar-

139 1809 246 1870 ticulis
258 1808 402 1870 indivisis
410 1858 420 1887 ‚
437 1812 614 1893 unguibus,
629 1833 688 1871 ma·

136 1890 242 1970 jocum
269 1889 393 1966 saltem,
420 1891 529 1952 subtus
553 1891 687 1952 uniden-

138 1971 211 2030 tatis
241 1983 293 2030 aut
325 1969 535 2032 denticulatis.
568 1973 688 2054 Corpus

138 2049 257 2123 breve,
287 2071 447 2125 crassum,
474 2053 563 2132 juxta
590 2050 687 2112 latera

138 2151 359 2212 compressum.
387 2133 486 2212 Caput
517 2132 689 2214 perpendi-

140 2209 245 2272 c'ulare
259 2225 316 2271 'aut
338 2208 427 2272 valde
440 2213 608 2288 inflexum,
630 2213 688 2272 tri-

140 2305 384 2373 gono-ovatum,
407 2293 523 2374 postice
544 2314 690 2373 superne-

140 2391 200 2451 que
224 2370 450 2444 rotundatum,
483 2371 601 2432 thoraci
632 2371 688 2433 ad-

140 2470 289 2530 pressum.
304 2452 457 2509 Antennae
469 2452 577 2531 saepius
591 2472 690 2513 serra-

140 2541 179 2588 tae
202 2542 254 2588 aut
282 2530 443 2609 pectinetae
472 2532 623 2607 (breves,
651 2532 689 2592 ad
739 2540 936 2598 FAMILIA
966 2540 1095 2594 XXIV'.

140 2607 305 2670 oculorum
329 2611 504 2692 marginem
529 2613 689 2674 internum
792 2638 1048 2690 Mfflmm,

141 2689 296 2769 inserta).
322 2689 447 2750 Thorax
476 2690 508 2750 in
538 2691 688 2753 laminam
827 2728 1016 2782 Mordenom

139 2771 309 2844 formatus,
327 2770 689 2851 trapeziformis,p0stice

139 2847 244 2925 latior,
259 2850 504 2934 immarginatus.
516 2850 626 2934 Elytra
642 2855 689 2912 ri-

139 2929 229 3012 gida,
249 2931 357 3011 saepius
377 2930 415 2991 ad
437 2930 557 3012 apicem
574 2934 688 2992 sensim

139 3011 324 3071 acuminata.
349 3010 415 3070 Alae
435 3010 617 3072 nullatenus
636 3026 689 3071 aut

140 3088 179 3149 ad
196 3090 317 3171 apicem
334 3103 456 3150 tantum
470 3091 599 3173 plicatae.
618 3093 689 3152 Ab·

139 3170 254 3232 domen
277 3171 497 3252 subtrigonum
522 3185 576 3230 aut
598 3172 689 3234 coni-

138 3261 212 3311 cum
225 3295 234 3324 ‚
259 3253 375 3334 poetice
402 3252 616 3313 acuminatum
636 3266 689 3312 aut

141 3331 313 3392 candetum.
332 3331 426 3392 Pedes
445 3331 539 3392 antici
560 3333 618 3392 sub
636 3353 688 3392 ca·

141 3410 207 3490 pite
221 3410 319 3471 veluti
336 3411 460 3490 inserti3
484 3412 595 3495 postici
616 3435 685 3473 ma·

141 3490 207 3574 gni.
223 3492 342 3574 Corpus
356 3512 431 3576 saepe
443 3490 645 3555 saltatorium.
