2888 4664
445 385 882 543 canunt

149 781 152 799 ι
174 715 657 822 CRUSTACEORUM
677 719 734 798 ur
752 711 1149 797 INSECTORUM.

130 1002 133 1007 '
175 1005 1150 1048 mm

353 1210 654 1271 FAMILIA
702 1209 975 1272 DECIMA.

240 1376 1087 1448 aucaopnic1.1re01zoaaacrs.

122 1587 129 1596 '
176 1573 205 1632 Ι.
228 1571 272 1629 M
270 1567 432 1627 audibuloe
445 1567 598 1646 chagatae
608 1607 618 1636 ‚
640 1565 806 1643 deprecate,
820 1566 866 1623 ad
875 1569 993 1644 apicem
1006 1579 1155 1649 angusto·

202 1687 338 1734 arcuatoe
350 1685 408 1731 aut
416 1673 589 1742 uncinata,
603 1671 718 1750 angulo
732 1682 852 1730 extamc
864 1673 969 1730 baseos
977 1673 1133 1751 preducta.

221 1852 334 1912 Srrers
357 1870 470 1910 rarus.
492 1851 701 1908 Sarma.
721 1850 889 1928 Silphales.
952 1905 954 1912 ,

225 1984 340 2062 Garpus
366 1979 565 2060 depressum,
593 1978 761 2040 latitudine
788 1979 990 2042 altitudinem
1018 1981 1157 2042 multum

179 2085 300 2170 (duplo
315 2087 445 2148 circiter
464 2098 516 2144 aut
536 2082 690 2168 amplius)
710 2100 887 2166 superante,
906 2085 998 2146 dorso
1019 2086 1157 2168 planius-

180 2191 253 2254 culo
271 2191 421 2254 leviterve
438 2211 586 2251 convexo.
604 2191 705 2269 Caput
720 2204 848 2266 nutans,
869 2192 926 2252 sub
952 2192 1077 2253 thorace
1102 2193 1156 2252 in-

182 2295 372 2359 flectendum
389 2293 531 2376 colloque
549 2295 657 2376 saepius
674 2293 832 2356 distincto.
860 2297 902 2356 Oe
922 2296 1155 2378 prominulam,

182 2401 379 2465 mandibulis
404 2400 546 2474 exsertis,
571 2398 700 2472 validis,
722 2399 804 2462 ultra
830 2401 955 2466 labrum
979 2403 1156 2485 productis,

182 2507 272 2588 'apice
288 2505 375 2566 haud
393 2487 594 2586 emarginato.
616 2508 738 2566 Thorax
759 2507 951 2570 orbiculatus
976 2507 1025 2572 vel
1051 2511 1158 2574 subse-

183 2611 410 2687 micircularis,
433 2611 659 2692 clypeiformis.
681 2616 773 2670 Tarsi
792 2613 924 2674 articulo
951 2629 1061 2696 quarta
1080 2639 1160 2700 prac-

184 2715 323 2777 cedentis
339 2714 591 2797 magnitudinem
607 2729 745 2797 aequante
760 2717 814 2778 aut
832 2718 881 2778 vix
891 2717 949 2778 illo
960 2720 1082 2782 minore
1099 2723 1157 2803 (t).

185 2821 342 2880 Antennoe
361 2814 494 2876 articulo
516 2815 628 2876 ultimo
651 2815 690 2876 ad
709 2817 830 2898 apicem
853 2819 1087 2903 subcompresso
1104 2837 1159 2884 aut

187 2921 338 3002 utrinque
363 2919 583 3000 subimpresso.

229 3041 370 3101 Labrum
398 3051 629 3112 transversum,
653 3038 892 3120 emarginatum.
914 3043 1016 3122 Palpi
1042 3041 1158 3104 filisa·-

186 3165 266 3222 mes3
283 3139 497 3202 maxillarium
517 3138 658 3202 articulis
669 3141 804 3202 secundo
818 3155 849 3200 et
867 3142 975 3218 tertio,
992 3141 1159 3206 labialium

187 3251 302 3312 sensim
313 3261 343 3310 et
356 3247 490 3334 secundo
497 3291 505 3321 ,
518 3246 637 3308 conicis
648 3273 656 3324 3
668 3245 782 3310 ultima
793 3249 938 3308 omnium
949 3246 1043 3331 paulo
1056 3250 1161 3331 graci-
1229 3307 1230 3310 ,

188 3352 282 3428 licre,
298 3347 553 3432 subcylindrico,
572 3347 610 3407 ad
629 3349 750 3429 apicem
768 3349 996 3409 subattenuato.
1010 3353 1160 3411 Maxillae

190 3537 308 3554 *ι-

223 3655 263 3730 (1)
281 3658 360 3710 Tarsi
384 3657 469 3708 antici
497 3655 621 3707 articulis
642 3665 762 3724 quatuor
782 3652 882 3723 'primis
908 3656 1003 3723 sapius
1021 3655 1162 3720 dilatatis,

188 3753 374 3819 subcordatis3
395 3753 482 3804 medii
502 3751 653 3821 posticiquc
666 3753 789 3806 articulis
806 3752 936 3807 omnibus
947 3753 1101 3804 subconicis
1114 3751 1160 3801 vel

190 3849 478 3916 couicocylindricis‚
498 3849 622 3918 integris.

311 3971 363 4044 ΙΙ.
951 3991 967 4039 1
