2888 4664
339 384 396 469 54
564 386 751 470 Inserta.
780 383 1074 473 Ptemdieero.

340 568 371 617 et
382 554 440 616 sub
453 553 599 617 oculisin
613 553 726 617 fossula
738 531 938 637 recipiendas,
955 560 1057 643 capite
1070 557 1245 637 breviorem
1259 579 1317 618 ar-

339 658 437 722 ticulo
450 660 554 723 hassos
568 660 746 741 (tuberculo
764 662 945 725 incultionis
962 677 993 724 et
1011 661 1234 726 articuliformi
1246 685 1315 725 non

338 764 538 847 computato)
550 784 660 845 parvo,
674 763 784 825 conice
794 787 803 844 ;
825 765 960 829 meando
979 786 1106 850 magno,
1126 785 1316 848 compresso,

335 867 655 951 cochleari-trigona,
672 865 845 944 fornicato,
868 868 1177 932 antrannartloulos
1204 870 1315 931 auhm-

334 986 463 1055 quentes
481 971 655 1054 operiente,
667 986 793 1035 externe
809 992 961 1052 macero,
978 976 1151 1037 introrsum
1164 984 1316 1052 arcuato,

336 1079 373 1140 ad
388 1082 507 1162 apicem
520 1080 651 1158 latiore3
670 1081 737 1141 basi
750 1080 1027 1159 rotundata,=infra
1042 1080 1264 1155 subcrassiote,
1278 1094 1312 1141 et

334 1183 432 1245 relati
446 1182 577 1268 stipitali
592 1205 650 1266 pro
666 1184 791 1246 articuli
804 1185 888 1247 tertii
904 1185 1086 1264 insertionm
1098 1184 1160 1247 hoc
1172 1183 1311 1246 articulo

334 1302 366 1350 et
377 1289 570 1365 successivis,
588 1309 721 1351 numero
740 1310 792 1352 sex
803 1291 1003 1375 aut'septem',
1017 1289 1138 1352 clarem
1151 1290 1311 1351 subsemi-

336 1406 473 1470 ovatam,
493 1377 757 1475 subcompressam
767 1441 778 1473 ,
801 1397 905 1458 antioc
927 1409 1102 1460 extrorsum
1130 1409 1311 1473 arcuatam,

334 1497 455 1581 postire
483 1499 679 1575 subrectam,
714 1500 800 1559 intus
838 1499 1044 1574 subeuntem
1087 1512 1142 1560 aut
1173 1499 1314 1561 breviter

333 1604 539 1689 pectinatam,
560 1603 777 1664 formantibus.
796 1605 934 1664 Labram
958 1618 1129 1680 exsertum,
1150 1603 1311 1666 coriaceu-

333 1710 621 1784 membranaeeum‚
638 1722 865 1786 transversum,
886 1709 989 1771 antice
1012 1707 1072 1770 late
1091 1706 1311 1776 rotundatum.

334 1812 534 1896 Mondibulae
558 1806 757 1888 absconditae,
777 1832 907 1887 corneae,
930 1787 1055 1888 valiilae,
1081 1810 1118 1871 ad
1138 1800 1227 1870 basin
1248 1833 1310 1871 an-

333 1915 465 1999 gulatae,
494 1915 595 1994 latere
614 1929 743 1996 caterno
771 1915 905 1996 adeius
934 1914 1063 2008 initium
1094 1908 1312 2000 emargipato,

334 2019 445 2082 deinde
465 2036 551 2082 acute
571 2021 730 2100 carinat0;
758 2021 843 2103 apice
863 2018 1043 2099 bidentat03
1066 2018 1160 2085 latere
1179 2019 1308 2090 interno

333 2145 485 2199 concavo,
506 2126 565 2186 sula
582 2127 668 2206 apice
690 2122 931 2197 bidenticulato,
950 2144 1093 2205 processu
1109 2142 1286 2205 compresso
1299 2167 1314 2198 ,

335 2229 421 2311 quasi
444 2230 695 2305 membranaceo,
711 2227 878 2289 lohiformi
896 2226 977 2286 etad
994 2228 1112 2309 apicem
1127 2225 1309 2289 rotundato.

331 2337 434 2416 Palpi
448 2335 561 2395 ¹breves
569 2378 579 2410 ,
597 2331 799 2416 subaequalem
812 2331 989 2394 maxillares
1008 2330 1092 2394 ultra
1106 2331 1309 2396 maxillarum

333 2435 453 2519 apicem
485 2436 538 2497 vix
566 2434 817 2519 progredientes,
837 2435 1077 2511 subtililormcs,
1101 2434 1234 2496 articulo
1255 2434 1308 2494 ul-

332 2540 412 2602 timo
427 2540 586 2623 longiore,
610 2541 830 2617 sollertissime,
845 2541 1081 2620 ovato-coraico,
1094 2540 1179 2624 apice
1193 2553 1284 2600 acuto
1297 2567 1306 2618 ς

325 2643 439 2734 ροᾶεηι
469 2644 633 2707 labialium
661 2645 828 2721 crassiore,
861 2635 1124 2710 breviter‘o'vato.
1157 2649 1309 2707 Maxilloe

331 2752 523 2835 processibus
553 2752 675 2822 duobus
707 2753 975 2831 membranaceis,
1007 2767 1134 2815 externo
1163 2751 1303 2832 majore,

334 2855 533 2941 subtrigono,
549 2835 587 2919 ati
601 2857 719 2939 apicem
742 2856 865 2932 latiore,
885 2857 1024 2942 breviter
1036 2856 1110 2943 pilis
1129 2835 1307 2932 fimbriato,

334 2983 476 3043 processu
492 2964 616 3022 interno
633 2982 730 3043 parvo
739 3006 747 3034 ‚
766 2961 949 3037 unciformi,
967 2979 1092 3022 arcuato
1112 2975 1165 3021 aut
1186 2961 1305 3044 ungui·

333 3062 404 3125 culo
424 3062 621 3144 suholrsoleto
641 3062 745 3146 pilare
764 3065 976 3151 unguiformi‚
998 3064 1035 3125 ad
1062 3065 1180 3150 apicem
1204 3064 1305 3123 inter-

333 3190 411 3228 num
427 3171 587 3228 instructo.
601 3169 739 3227 Lobium
752 3167 1005 3248 subqnadrat'um,
1017 3169 1285 3228 membranaceum
1296 3193 1304 3246 3

333 3271 436 3332 medio
458 3270 614 3346 firmiore,
634 3269 827 3338 obscuriore,
841 3255 965 3335 'lineola
983 3266 1218 3359 *longitudinali
1239 3269 1305 3329 im-

332 3399 432 3460 pressa
450 3390 564 3451 secato,
585 3375 725 3456 margine
743 3397 852 3456 supero
875 3390 954 3435 recta
970 3390 1159 3448 transverso,
1180 3377 1304 3458 integro

332 3495 385 3542 aut
413 3485 465 3542 vix
494 3482 696 3563 emarginato.
726 3484 871 3541 Mentnm
890 3481 1085 3591 'coriaceupm
1114 3495 1305 3541 transverso·

333 3586 535 3668 quadratum,
553 3583 636 3646 labio
660 3585 753 3666 paulo
773 3587 890 3664 majus,
913 3585 952 3646 ad
974 3589 1098 3667 apicem
1122 3585 1305 3667 angustiam

333 3691 483 3774 marginis
512 3693 613 3770 superi
646 3690 769 3772 angulis
792 3691 1051 3773 subpromiuulis.
1072 3693 1175 3754 Pedes
1203 3689 1308 3752 cousi-

331 3796 441 3872 miles,
463 3795 641 3870 *femoribus
672 3796 781 3870 subtus
809 3798 1040 3876 canaliculatis‚
1068 3820 1127 3884 pro
1154 3798 1303 3860 tibiarum
