2886 4664
300 431 320 483 a
522 400 714 484 Insecta.
748 401 1047 486 Pterodiceru.

300 560 457 643 plerisque
476 581 580 642 ungue
598 581 711 621 corneo
732 573 763 620 et
781 559 907 622 interno
934 563 1111 635 instructae,
1133 585 1277 646 processu
1369 629 1371 636 ,

300 683 426 732 externo
448 667 486 728 ad
505 668 596 728 basin
615 681 789 743 attenuato,
817 668 903 730 intus
925 669 1118 732 subarcuato.
1140 675 1278 734 Labium

301 775 574 837 membranaceum
596 773 635 834 ad
656 774 746 836 basin
774 775 947 859 (manerem)
975 791 1145 838 transverse
1166 778 1276 839 brevi·
1343 785 1345 792 '

301 898 409 966 terque
427 903 594 956 corneum,
613 883 729 954 sensim
746 881 859 942 deinde
874 883 1015 944 medium
1035 905 1142 944 versus
1162 905 1277 967 angus-

300 1002 416 1065 tatum,
439 1001 508 1049 tum
537 987 719 1064 dilatatum,
743 989 943 1067 cordiforme,
964 989 1199 1072 emarginatum
1222 1005 1276 1051 aut
1311 995 1313 998 ’

300 1094 465 1176 bifidum.)

335 1226 527 1276 Oassnvfflo.
546 1223 740 1274 Antennacum
755 1221 868 1274 articuli
881 1232 936 1274 tres
944 1221 1040 1274 ultimi
1053 1223 1141 1274 colore
1150 1224 1272 1274 obscuro.

329 1405 453 1476 ¹Sr'mrs
473 1433 625 1475 secunus.
648 1415 916 1476 NrrrnurAnrAE.
937 1415 1159 1487 Nitidulaires.

305 1599 307 1606 ,
343 1547 458 1626 Corpus
480 1544 680 1626 depressum,
714 1543 882 1604 latitudine
906 1543 1106 1606 altitudinem
1136 1542 1274 1606 multum

295 1650 410 1734 (duplo
423 1652 549 1714 circiter
569 1665 622 1712 aut
642 1648 797 1734 amplius)
818 1663 999 1732 superante,
1022 1651 1114 1712 dorso
1129 1649 1272 1734 planius-

298 1754 370 1818 culo
392 1754 541 1816 leviterve
559 1773 705 1816 convexo.
726 1755 828 1833 Caput
848 1753 969 1814 thoraci
995 1752 1033 1812 ad
1050 1752 1157 1814 oculos
1177 1775 1273 1836 usque

299 1863 464 1923 intrusum.
481 1863 523 1922 Os
542 1861 576 1920 in
590 1858 698 1920 multis
711 1858 943 1940 prominulam,
962 1859 1155 1922 mandibulis
1172 1863 1273 1944 saepis-

298 1970 376 2030 sime
403 1967 489 2048 apice
501 1957 708 2048 'emarginatis
727 1977 780 2025 aut
798 1961 1006 2025 denticulatis.
1030 1968 1152 2026 Thorax
1168 1979 1271 2029 trans-

297 2094 383 2134 verso
400 2107 415 2118 -
428 2070 655 2153 subquadratus
684 2083 738 2130 aut
774 2068 1068 2150 subtrapeziformis.
1107 2076 1196 2131 Tarsi
1236 2071 1270 2131 in

252 2161 256 2168 ¹
297 2176 406 2240 multis
428 2176 560 2237 articulo
585 2189 696 2258 quarto
717 2175 922 2248 brevissima,
949 2175 1083 2236 secundo
1116 2177 1270 2258 tertioque

297 2299 374 2344 tunc
392 2281 498 2344 bifidis
520 2294 574 2342 aut
590 2280 923 2362 dilatato-spongiosis.

336 2417 438 2494 Palpi
455 2413 640 2495 plerumque
658 2410 838 2485 filiformes‚
856 2411 980 2492 breves;
994 2412 1171 2473 maxillares
1181 2427 1211 2474 et
1223 2413 1268 2472 la-

294 2515 393 2580 biales
401 2564 409 2594 ,
425 2531 478 2578 aut
497 2517 550 2578 isti
563 2516 665 2578 solum
676 2531 707 2576 et
720 2518 753 2576 in
770 2516 892 2598 pauciS,
906 2529 1080 2578 extrorsum
1097 2517 1267 2580 crassiores.

295 2623 500 2682 Mandibuloe
519 2622 679 2703 depressa,
702 2620 905 2704 subtrigonae,
935 2619 1031 2682 latere
1057 2633 1184 2682 externo
1215 2642 1270 2682 ar·

295 2743 386 2789 cuato
407 2726 585 2809 anguloque
609 2728 676 2808 ejus
697 2727 803 2788 baseos
823 2739 912 2786 extus
937 2727 1106 2808 producte,
1125 2727 1268 2808 apicibus

285 2832 404 2890 acutis.
427 2831 578 2888 Maxillae
597 2829 632 2888 in
651 2827 759 2887 multis
777 2847 921 2909 processu
937 2827 1050 2906 unico,
1070 2829 1104 2888 in
1127 2829 1196 2890 aliis
1209 2830 1269 2889 du-

295 2935 388 3017 plici,
409 2935 444 2994 in
456 2931 619 2994 nonnullis
635 2954 739 3014 ungue
753 2954 883 3010 corneo,
902 2933 1099 2995 subobsoleto
1108 2981 1117 3011 ,
1135 2937 1272 3012 interno,

297 3043 434 3102 munitae.
453 3041 592 3099 Laetum
617 3038 904 3115 membranaceum,
930 3039 1192 3124 subquadratum,
1215 3065 1270 3104 sae·
1329 3091 1331 3097 .

295 3145 367 3226 pius
387 3141 425 3202 ad
448 3140 622 3221 marginem
644 3131 791 3222 superum
811 3143 1038 3226 emarginatum
1056 3143 1106 3204 vel
1126 3145 1270 3206 subinte-

296 3272 415 3332 grum3
443 3261 543 3306 mento
570 3268 682 3307 corneo
713 3248 1002 3332 subtrapeziformi‚
1031 3253 1140 3334 saepius
1163 3241 1267 3313 trans-

296 3375 400 3429 verso,
428 3353 547 3434 apicem
569 3373 676 3414 versus
704 3368 881 3436 angustato,
911 3357 1052 3438 margine
1072 3379 1182 3438 supero
1204 3356 1266 3418 late

295 3458 500 3541 emarginato,
525 3457 649 3542 angulis
667 3459 806 3541 ejusdem
827 3460 1025 3543 prominnlis.

330 3632 521 3683 Onssnvanro.
541 3635 674 3684 Antennoe
697 3632 792 3698 sapius
811 3631 887 3682 clava
912 3648 1076 3701 compressa,
1096 3629 1208 3681 articuli
1222 3631 1267 3680 ul-

292 3727 359 3782 timi
376 3726 451 3795 apice
464 3725 497 3776 ab
508 3725 594 3796 ipsius
610 3725 667 3777 basi
681 3725 712 3778 in
726 3725 855 3794 plurimis
867 3725 955 3778 veluti
967 3723 1083 3797 abrupta
1094 3723 1233 3776 distincto.
