2888 4664
197 388 506 481 Ord.I.chm.
522 383 579 468 Χ
583 381 665 483 V„
688 381 980 500 Coproplzagi.
1031 384 1084 498 73

195 584 434 662 FAMILIA
467 592 672 655 DECIMA
706 593 919 672 QUINTA
950 597 1003 680 (t).

262 751 558 802 COPROPHAGI.
589 750 948 800 GOPROPHAGES.

152 949 396 999 Oasnnvnrrosas.
408 945 547 997 Antenore
559 943 646 1012 capite
659 944 740 1012 paulo
750 945 896 1012 longiores,
908 954 970 996 ante
983 949 1084 1014 oculos,

118 1044 153 1096 ad
163 1043 385 1094 mandibularum
395 1041 481 1102 basin,
490 1041 541 1091 sub
551 1042 645 1110 clypeo
655 1033 778 1106 insertae3
790 1041 906 1102 articulo
917 1043 1005 1108 primo
1015 1045 1088 1094 elon·

120 1149 194 1208 gato,
205 1139 323 1188 aliorum
333 1136 502 1204 conjunctim
512 1135 567 1188 sere
576 1126 747 1204 longitudine
754 1137 934 1203 ,cylindrico,
944 1139 977 1188 ad
986 1139 1090 1207 apicem

121 1235 202 1304 paulo
223 1234 351 1286 crassiore
372 1241 410 1297 (a)
423 1256 431 1299 3
449 1233 568 1285 secundo
579 1233 834 1300 subhemisphaerico
846 1256 852 1299 3
863 1235 962 1295 tertio,
975 1247 1090 1304 quarto,

122 1333 221 1400 quinto
249 1341 276 1382 et
296 1341 371 1383 sexto
398 1332 547 1396 brevibus,
573 1331 678 1382 duobus
694 1331 801 1381 ultimis
818 1333 1092 1400 presertim3tertio,

122 1438 220 1497 quarto
235 1429 329 1496 saepius
344 1427 608 1495 cylindriooconicis
619 1449 626 1492 3
639 1427 737 1494 quinto
753 1437 781 1478 et
795 1437 887 1492 sexto,
909 1430 960 1480 isto
980 1430 1094 1495 saltem,

122 1523 300 1585 transversis,
315 1520 559 1589 pateraeformibus3
572 1522 695 1589 septimo,
711 1531 805 1574 octavo
816 1531 845 1572 et
857 1539 928 1574 nono
942 1523 1094 1590 capitulum

123 1617 289 1686 triphyllum
303 1615 492 1668 formantibus.
510 1615 627 1669 Lobmm
645 1617 738 1684 clypeo
753 1618 938 1682 occultatum,
957 1619 1095 1669 membra-

125 1729 256 1777 naccum,
272 1711 330 1764 illis
347 1712 563 1779 subquadratum
580 1722 607 1764 et
624 1713 731 1780 angulis
750 1713 847 1764 antiois
866 1715 1034 1779 rotundatis3
1053 1715 1097 1766 tis

125 1807 378 1860 subsemieirculare
391 1843 400 1866 ,
415 1806 446 1856 in
464 1815 519 1856 tres
532 1821 605 1856 areas
615 1806 735 1857 divisum
746 1829 752 1871 3
765 1807 838 1858 linea
853 1808 994 1874 impressa,
1010 1809 1097 1875 longi-

126 1903 247 1955 tudinali
258 1941 265 1968 ,
278 1903 353 1955 striis
366 1890 500 1970 parallelis
510 1902 669 1952 transversis
681 1940 688 1968 ‚
707 1903 870 1970 quandoque
880 1904 967 1954 veluti
977 1906 1099 1972 pectina-

126 1998 179 2049 tim
194 2007 298 2062 secata,
312 2015 346 2047 ex
360 2005 475 2062 utroque
487 1997 570 2047 latere
584 2019 591 2062 3
604 2013 666 2048 area
679 1997 767 2048 media
787 1998 952 2065 prescipuave
965 1999 995 2049 in
1008 1999 1097 2049 medio

125 2097 246 2147 carinata
257 2134 264 2161 ,
278 2103 424 2163 punctata,
438 2093 576 2160 hispidula
592 2103 638 2144 aut
649 2095 792 2162 papillosa,
811 2096 933 2162 margine
944 2096 1033 2146 antico
1043 2097 1100 2165 ,vit-

127 2195 184 2246 loso
195 2202 242 2244 aut
253 2193 352 2244 ciliato.
366 2191 536 2243 Mandibuloe
546 2191 596 2241 sub
605 2193 698 2259 clypeo
707 2192 853 2252 latitantes,
863 2192 896 2243 ad
905 2191 982 2243 basin
993 2209 1101 2244 corneo-

127 2281 378 2354 subtricuspitiatae,
391 2285 489 2336 deinde
500 2285 530 2335 in
540 2285 671 2335 laminam
681 2302 874 2353 compressam,
894 2286 1101 2352 triangularem,

130 2394 242 2436 externe
261 2384 428 2447 coriaoeam,
443 2384 519 2435 intus
532 2383 668 2433 coriaceo-
679 2383 910 2434 membranaceam
926 2421 933 2446 ,
949 2383 1102 2450 produotae3

129 2480 215 2530 latere
236 2481 345 2530 interno
366 2488 393 2530 et
405 2479 478 2546 apice
493 2477 568 2528 villis
581 2476 767 2541 tenuissimis,
785 2478 931 2542 brevibus,
949 2479 1102 2530 fimbriatis.

131 2569 220 2640 Papi
232 2570 390 2622 maxillares
402 2569 541 2620 triformes
551 2607 558 2634 ,
569 2547 715 2619 tautanius
726 2570 842 2621 dimidio
857 2572 997 2638 surpatio
1011 2573 1105 2622 minus

132 2668 286 2736 longiores,
300 2669 421 2719 maxillis
435 2668 516 2735 paulo
530 2667 667 2718 breviores
682 2676 729 2716 aut
742 2667 853 2718 illarum
863 2669 972 2719 circiter
984 2669 1106 2734 longitu-

134 2764 199 2815 dine
211 2786 218 2829 3
230 2765 346 2816 articulo
355 2764 465 2815 basilari
482 2763 599 2814 minimo
609 2785 617 2828 3
629 2763 746 2814 secundo
758 2765 894 2830 tertioque
904 2764 1107 2832 subobconicis,

135 2859 254 2912 secundo
267 2860 402 2927 elongato3
416 2859 514 2910 ultimo
527 2859 649 2926 longiore
664 2859 809 2909 secundive
819 2860 914 2911 saltem
924 2860 1105 2928 longitudine,

134 2957 339 3023 suboylindrico
349 2965 396 3008 aut
408 2957 662 3023 evoli-cylindrico,
674 2958 708 3009 ad
717 2958 795 3010 basin
807 2967 833 3009 et
843 2959 947 3027 apicem
957 2960 1038 3026 paulo
1049 2976 1108 3028 gra-

136 3052 240 3103 ciliore.
254 3052 340 3122 Palpi
350 3051 464 3104 labiales
473 3053 560 3104 men-ti
573 3053 607 3104 ad
620 3053 731 3120 angulos
748 3070 859 3121 superos
878 3054 975 3104 inserti
990 3092 996 3118 ‚
1018 3041 1113 3121 stipite

137 3144 233 3211 saepius
247 3143 458 3208 articuliformi,
479 3146 641 3212 plerumque
656 3144 738 3208 hirti,
750 3140 874 3196 articulis
891 3146 995 3208 tribus,
1013 3146 1111 3212 apioali

140 3239 284 3307 saepissime
295 3239 408 3290 minori.
420 3238 547 3291 Maxilloe
559 3249 720 3304 crustaceae,
735 3240 842 3290 laciniis
861 3241 966 3292 duabus
985 3263 993 3308 3
1014 3242 1112 3308 apicali

171 3487 208 3544 (ι)
217 3481 251 3534 In
260 3478 310 3530 hac
321 3478 426 3531 familia
436 3479 577 3546 tribusque
585 3480 761 3548 sequentibus
770 3481 843 3532 tibiae
853 3483 947 3532 anticae
955 3483 1114 3550 (sepiusque

144 3575 220 3639 aliae)
233 3583 342 3624 externe
353 3575 466 3626 dentatae
477 3613 484 3640 ,
497 3577 599 3626 calcare
609 3576 693 3625 unico
705 3577 815 3643 spinavc
825 3577 923 3628 mobili
941 3587 951 3642 (
961 3579 1112 3644 Malleolo,

145 3667 238 3736 lllig.)
259 3669 292 3718 ad
303 3669 405 3738 apicem
414 3671 558 3721 internum
570 3680 596 3720 et
610 3680 748 3722 xtarsorum
760 3673 911 3740 originem,
935 3674 1080 3725 instructoe.

184 3766 224 3836 (2)
242 3768 376 3818 Antennae
389 3768 419 3817 in
431 3767 543 3818 familiis
553 3768 641 3819 tribus
651 3769 783 3838 proximis
793 3769 887 3823 eodem
898 3769 979 3820 modo
992 3770 1097 3820 insertos
1107 3805 1115 3832 ,

147 3862 266 3913 articulo
278 3862 388 3915 basilari
400 3864 501 3932 pariter
507 3865 641 3938 elongato.

249 3937 429 4064 ut,
785 3897 954 4034 ’,ιο
