2824 4658
47 483 52 486 .
125 405 426 493 malfam.
438 403 496 492 X
499 407 554 494 V
545 404 632 508 ΠΖ,
647 407 958 496 Soorobaeides.
993 395 1069 525 107

134 563 379 618 Osssnvrrrosns.
398 564 533 616 Antennoe
545 545 669 616 articulis
683 565 776 616 decem
796 576 843 618 aut
863 585 979 633 novem3
999 569 1074 639 oapi-

49 697 52 709 .
98 660 155 714 tuli
171 661 290 712 lamellis
304 678 353 728 pro
370 661 509 731 speciebus
526 671 553 712 et
571 678 637 714 sexu
658 679 773 714 numero
790 663 887 728 variis,
908 681 922 714 a
941 664 1027 714 tribus
1041 665 1075 715 ad

102 763 212 822 septem.
227 754 304 821 Palpi
322 755 439 806 articulo
456 757 556 808 ultimo
566 755 645 832 ¹ov'ali
663 766 711 808 aut
727 765 823 822 ovato,
843 757 924 825 paulo
938 757 1076 808 crassiore.

102 851 227 902 Mantum
240 853 456 920 subquadratum
475 861 523 904 aut
535 854 711 920 suboratum‚
726 863 900 917 truncatum,
920 851 954 904 ad
972 852 1075 920 apicem

92 948 260 1014 angustiam
276 949 399 1017 margine
419 965 515 1017 supero
526 949 580 1000 late
595 949 762 1018 emarginato
775 947 823 1020 (1).
837 947 941 1016 Corpus
954 956 1075 1016 ovatum.

104 1042 220 1111 clypeus
245 1025 560 1112 transverso-quadratus
576 1056 624 1096 aut
646 1043 923 1108 subsemioircularis‚
945 1044 975 1094 in
985 1043 1078 1112 paucis

103 1140 288 1194 rostriforrnis.
305 1143 415 1194 Thorax
427 1142 809 1209 transverso-subquadratus,
820 1141 901 1209 paulo
914 1137 948 1191 ad
958 1141 1077 1192 laterum

104 1235 226 1287 medium
239 1238 368 1289 dilatatus
386 1247 413 1288 et
431 1239 520 1289 antioe
536 1238 684 1306 angustior.
703 1239 781 1289 A‘nus
798 1237 908 1300 nudus,
929 1236 960 1285 in
981 1235 1078 1286 multis

105 1332 260 1398 productus.
532 1307 536 1318 Ι

142 1513 314 1575 CXCVIII.
336 1517 456 1578 Gnrrns.
476 1521 740 1578 Maroaomr.
761 1519 943 1577 Hanneton.

144 1620 342 1680 Melolontha
355 1666 366 1693 ,
397 1609 504 1694 Fra',
535 1621 657 1692 0an„
685 1623 781 1680 Lm.
810 1656 850 1667 —
875 1623 1079 1696 Scaraboezts,

104 1725 235 1796 Lis-aa,
263 1727 412 1797 Gnorr„
434 1747 483 1786 nn
509 1727 613 1786 Gran.

112 1854 119 1882 t
142 1826 523 1911 Antennaromcapitulus
538 1824 675 1888 lamellis
687 1849 819 1888 numero
828 1827 937 1902 variis,
951 1827 1081 1888 atribus

106 1927 145 1988 ad
157 1941 283 2012 septem.
296 1933 500 1992 Mandlbolae
511 1929 599 2012 apice
608 1941 757 2008 trunoatae
773 1941 827 1990 aut
844 1929 970 2004 obtusae.
981 1933 1083 2011 Palpi

105 2031 284 2092 maxillares
304 2027 444 2093 maxillis
469 2045 574 2114 aperte
603 2030 777 2114 longiores,
806 2029 940 2095 articulo
967 2030 1082 2115 ultimo

105 2135 266 2222 elongato,
287 2137 369 2202 ovali
378 2182 390 2212 ‚,
408 2136 622 2201 subcrassiore.
635 2137 786 2204 Maxilloe
797 2133 945 2199 dentibus
959 2135 1082 2200 validis.

146 2247 264 2325 Elytra
287 2244 431 2326 suliaeque
458 2239 523 2314 lata
548 2253 601 2300 aut
627 2262 646 2300 a
671 2239 738 2302 basi
764 2237 802 2301 ad
823 2241 944 2322 apicem
968 2241 1083 2303 sensim

104 2346 201 2430 paulo
221 2347 417 2429 angustiora,
435 2345 475 2406 ab
487 2345 577 2406 basin
590 2351 749 2404 externam
771 2343 903 2424 abrupte
919 2365 984 2404 non
999 2341 1085 2403 dila-

105 2466 180 2514 tata.
205 2455 306 2514 Tibiae
328 2473 437 2512 omnes
455 2449 630 2512 calcarihus
648 2447 821 2526 distinctim
839 2450 949 2510 antioae
968 2449 1083 2528 unioo;

108 2557 175 2618 aliae
194 2559 325 2618 duobus.
341 2561 433 2618 Tarsi
453 2577 560 2618 omnes
577 2554 735 2638 unguibus
752 2551 883 2614 duobus.
975 2553 992 2563 ‘

109 2716 139 2774 Ι.
165 2715 279 2795 Corpus
304 2716 604 2796 elongato-ovatum,
633 2733 827 2784 convexam
851 2711 961 2770 thorax
989 2711 1085 2768 latius

321 2843 415 2901 quam
427 2821 565 2900 longius,
582 2818 874 2898 subtrapeziformis.
920 2811 927 2826 ’

106 2950 119 3032 (
132 2953 298 3010 Tarsorom
311 2971 428 3030 magnes
442 2949 577 3030 oeqrtales
584 2993 594 3024 ‚
606 2945 652 3006 ad
663 2929 753 3005 basin
765 2947 873 3004 subtzrs
885 2943 1087 3024 renidentati.)

113 3125 139 3159 ι.
156 3108 297 3160 Antennoe
318 3102 441 3173 capitulo
464 3106 493 3156 in
511 3102 639 3156 masculis
657 3069 850 3171 leptophyllo,
872 3099 901 3149 in
922 3098 1033 3150 feminis
1046 3097 1086 3168 (s)

352 3199 516 3270 herophyllo
532 3200 640 3267 (decem
654 3195 843 3266 articulatae).

147 3321 224 3372 Srec.
247 3339 270 3373 1.
291 3325 504 3380 Msnonorrru
528 3337 697 3378 ronornrs.
716 3321 867 3370 Honneton
880 3317 1027 3367 ordinaire.

148 3416 187 3468 M.
197 3416 293 3484 Nigra,
304 3427 424 3475 tomento
439 3418 526 3486 brevi,
537 3417 631 3491 griseo,
643 3433 784 3484 conspersa
796 3437 802 3482 3
817 3416 911 3485 clypeo
923 3423 1091 3482 transverso·

151 3613 192 3688 (1)
210 3612 337 3664 Mentum
358 3615 447 3666 veluti
466 3631 480 3663 e
499 3613 602 3680 duplioi
618 3622 694 3682 parte
708 3613 856 3680 formatum
867 3633 878 3678 5
899 3612 953 3662 alia
977 3611 1092 3679 apioali,
1144 3636 1145 3639 =

115 3701 433 3776 transverso-quadrata,
446 3689 568 3780 margine
578 3729 675 3778 supero
687 3697 864 3780 emarginato,
880 3711 911 3762 ad
926 3711 1039 3782 angulos
1049 3704 1094 3760 ro-

118 3803 236 3854 tundato
247 3825 254 3867 ς
267 3803 320 3852 alia
331 3803 448 3867 basilari,
461 3804 560 3870 prioris
570 3804 677 3872 stipite,
687 3805 858 3878 subcordata,
869 3805 944 3874 apice
959 3808 1094 3855 truncato.

157 3898 196 3968 (2)
214 3899 348 3950 Antenore
366 3899 484 3950 articulo
503 3909 600 3968 quarto
618 3897 785 3952 dentiformi.
