2844 4654
338 349 419 438 256
560 347 1068 437 Insota.1³terodi0era„
1097 449 1119 460 ,ι

374 510 525 569 Antenuae
550 506 681 592 abrupte
698 507 884 589 perfoliato·

337 609 470 673 clavatae.
489 610 626 673 Maxilla
649 633 753 696 ungue
772 621 886 676 'corneo
993 617 999 682 ⁸.

337 715 503 777 instructae.
514 713 705 776 Mandibulae
716 717 802 800 apice
815 716 890 777 iissre

338 830 392 878 aut
406 817 578 879 bidentstae.
597 816 686 900 Palpi
704 816 767 880 duo
780 817 889 880 saltem

338 922 494 1006 plerisque
511 922 643 985 articulo
660 920 773 983 ultimo
785 924 886 984 maxi-

339 1048 411 1103 mo,
429 1024 539 1091 lunato
560 1040 613 1087 aot
634 1027 839 1106 securiformi.

380 1132 495 1210 Corpus
516 1134 631 1210 saepiae
652 1133 739 1192 ovate
763 1131 814 1190 vel
832 1131 888 1190 be-

339 1235 577 1315 misplroericum.
604 1217 616 1227 ”

948 791 1123 846 FAMlLlA
1146 789 1305 843 XXXVI'.

989 886 1065 946 Ero
1074 899 1118 936 rr
1127 899 1170 939 oa
1180 900 1203 936 u
1214 899 1254 936 ι.

1036 976 1209 1048 Erotylinaa.

407 1434 653 1498 aarum
695 1409 1253 1494 vronstnlssocrsvt.

486 1610 785 1659 aaucnnon.
833 1587 1171 1659 anoorrban's.

375 1785 618 1835 Oasnavuurortss.
632 1783 771 1834 Antennoe
786 1790 849 1831 anto
865 1780 958 1832 oculos
975 1781 1100 1845 inserto,
1118 1779 1245 1830 thoracis
1264 1781 1327 1848 ple-

344 1894 463 1945 rumque
472 1877 566 1928 saltem
575 1875 764 1943 longitudine,
775 1875 899 1927 articulis
907 1874 1044 1926 undecim.
1055 1873 1176 1926 Lobmm
1183 1875 1328 1926 coriaoeo·

345 1977 601 2039 membranaceum,
611 1971 826 2040 subquadratum
836 2009 844 2035 ,
857 1970 1004 2038 integrum.
1017 1968 1196 2022 Mondibuloe
1205 1986 1329 2035 corneo,

344 2073 476 2141 trigonae,
499 2079 600 2134 acute,
628 2069 712 2120 latere
738 2068 849 2118 interno
877 2066 908 2118 in
933 2066 1076 2117 nonnullis
1096 2065 1244 2116 denticulo
1269 2081 1328 2116 uno

345 2176 393 2218 aut
410 2167 494 2217 altero
511 2165 655 2215 instructo.
675 2161 764 2232 Polpi
776 2163 889 2225 breves,
905 2159 1066 2225 filiiormes3
1086 2160 1249 2215 maxillares
1268 2177 1328 2212 ma-

343 2262 430 2330 jores,
443 2259 559 2312 articulo
574 2258 674 2310 ultimo
689 2258 827 2326 longiore,
841 2255 1088 2323 cylindrico-ovato
1108 2264 1155 2306 aut
1166 2255 1327 2320 suburam,

344 2357 440 2408 eodem
468 2355 612 2406 labialium
637 2353 795 2422 subgloboso
825 2360 873 2401 aut
891 2359 977 2402 ovato.
998 2347 1127 2402 Maxilla
1151 2352 1328 2417 processibus

345 2449 453 2501 tluobus
470 2448 705 2510 membranaceis,
724 2445 879 2514 elongatis,
902 2445 1042 2514 angustis,
1062 2443 1285 2506 conniventibus
1301 2454 1328 2494 et

345 2545 377 2597 in
396 2545 540 2597 nonnullis
557 2561 614 2596 nna
629 2544 717 2595 veluti
735 2543 912 2608 coadunatis;
930 2551 1043 2594 externo
1062 2559 1127 2609 saepe
1144 2539 1328 2608 palpiformi;

346 2639 457 2692 interno
471 2648 568 2703 acuto,
583 2638 632 2688 boo
641 2649 668 2690 et
680 2638 729 2688 illo
739 2639 815 2688 intus
826 2648 854 2690 et
865 2637 898 2688 ad
910 2637 1013 2704 apicem
1024 2635 1130 2688 villosis
1147 2645 1196 2686 aut
1211 2635 1330 2686 ciliatis.

346 2734 465 2788 nubium
478 2734 733 2798 membranaceum,
756 2733 991 2800 subquadratum,
1013 2732 1135 2800 margine
1148 2747 1253 2798 supero
1266 2747 1330 2798 pro-

347 2828 432 2881 funde
447 2829 555 2895 lateque
566 2825 733 2894 emarginato
750 2825 795 2875 vel
811 2823 903 2875 bifido.
919 2826 1040 2875 Mentem
1055 2833 1249 2887 crustaoeum,
1271 2841 1330 2874 ma-

350 2936 436 2990 gnum
445 2956 453 2984 ,
462 2903 661 2981 transversum,
676 2915 733 2966 illis
743 2915 937 2979 sublunatum,
952 2915 1073 2981 margine
1086 2914 1175 2968 antico
1188 2930 1330 2981 concar03

348 3017 392 3070 bis
408 3013 642 3082 submonitum,
663 3011 754 3063 medio
774 3012 974 3080 emarginatum
987 3021 1015 3062 et
1030 3011 1061 3061 in
1074 3011 1138 3060 sinu
1156 3009 1225 3061 labii
1246 3011 1327 3063 basin

348 3109 496 3179 excipiens.

381 3233 483 3301 Corpus
493 3237 605 3284 ovatum
615 3237 663 3280 aut
672 3227 932 3296 ovato-oblongum,
950 3229 1040 3280 antico
1052 3199 1195 3297 angustius
1208 3204 1238 3282 et
1256 3249 1324 3299 saepe

347 3335 456 3377 nutans.
474 3323 555 3376 Oculi
567 3323 597 3374 in
609 3322 859 3392 multis-sublunati
877 3331 924 3372 aut
940 3323 1112 3390 emarginati.
1135 3322 1248 3374 Thorax
1268 3324 1326 3392 ple-

346 3437 465 3487 tumque
484 3418 683 3488 subquadratus
702 3428 749 3470 aut
770 3418 1033 3487 subtrapeoiformis,
1053 3420 1154 3488 postico
1172 3420 1280 3486 latior3
1294 3421 1324 3472 in

347 3516 441 3584 paucis
450 3515 806 3568 teretiusoulus.Scutellum
819 3531 943 3584 parvum.
957 3514 1058 3586 Elytra
1071 3515 1167 3584 rigida.
1176 3515 1325 3568 Abdomen

347 3629 415 3680 saepo
438 3628 565 3662 crassum.
588 3613 674 3664 Pedes
693 3613 817 3677 robusti,
835 3613 932 3680 postici
952 3609 1128 3680 praesertim,
1152 3610 1322 3677 femoribus,

347 3707 457 3776 posticis
476 3707 590 3772 saltem,
609 3707 738 3773 clavatis;
753 3707 828 3758 tibiis
846 3707 988 3775 sepissime
1004 3707 1154 3760 calcaribus
1172 3708 1316 3774 obsoletis,

345 3803 424 3858 tarsis
440 3803 557 3857 articulo
567 3803 721 3873 penultimo
739 3804 867 3872 cordato,
884 3803 985 3856 bilobo.
